@online{Node,
  author = {Node.js},
  title  = {Sito web Node.js},
  url    = {https://nodejs.org/en/about/},
  note   = {Visitato il 09/08/2021}
}

@online{Typescript,
  author = {Typescript},
  title  = {Sito web Typescript},
  url    = {https://www.typescriptlang.org/},
  note   = {Visitato il 09/08/2021}
}

@online{NPM,
  author = {NPM},
  title  = {Documentazione NPM},
  url    = {https://docs.npmjs.com},
  note   = {Visitato il 09/08/2021}
}

@online{NestJS,
  author = {NestJS},
  title  = {Documentazione NestJS},
  url    = {https://docs.nestjs.com/},
  note   = {Visitato il 09/08/2021}
}

@online{Jest,
  author = {Jest},
  title  = {Sito Web Jest},
  url    = {https://jestjs.io/},
  note   = {Visitato il 09/08/2021}
}

@online{MongoDB,
  author = {MongoDB},
  title  = {Sito web MongoDB},
  url    = {https://www.mongodb.com/},
  note   = {Visitato il 09/08/2021}
}

@online{IBM-MongoDB,
  author = {IBM},
  title  = {What is MongoDB},
  url    = {https://www.ibm.com/cloud/learn/mongodb},
  note   = {Visitato il 09/08/2021}
}

@online{AWS-SES,
  author = {AWS},
  title  = {Sito Web AWS-SES},
  url    = {https://aws.amazon.com/it/ses/},
  note   = {Visitato il 10/08/2021}
}
